<?xml version="1.0" encoding="UTF-8"?><collection xmlns="http://www.loc.gov/MARC21/slim"><record><leader>00576nam--2200181-i-4500</leader><controlfield tag="001">000010128</controlfield><controlfield tag="002">20161230</controlfield><controlfield tag="005">20161230201028</controlfield><controlfield tag="008">060222s1000------------r-----000-0-fre-d</controlfield><datafield ind1=" " ind2=" " tag="040"><subfield code="a">IFIN-HH</subfield></datafield><datafield ind1=" " ind2=" " tag="041"><subfield code="a">fre</subfield></datafield><datafield ind1=" " ind2=" " tag="080"><subfield code="a">015:539.184.26</subfield></datafield><datafield ind1="1" ind2=" " tag="100"><subfield code="a">Bulent, Gurkut</subfield></datafield><datafield ind1="1" ind2="0" tag="245"><subfield code="a">Etude du deplacement de la frequence de transition hyperfine de l'atome d'hydrogene sous l'effet de deux pertubations coherentes, en presence de relaxation</subfield><subfield code="b">These</subfield><subfield code="c">Gurkut bulent</subfield></datafield><datafield ind1=" " ind2=" " tag="260"><subfield code="a">Paris</subfield><subfield code="b">Universite</subfield><subfield code="c">1970</subfield></datafield><datafield ind1=" " ind2=" " tag="300"><subfield code="a">4P</subfield></datafield><datafield ind1=" " ind2=" " tag="852"><subfield code="a">38135</subfield><subfield code="c">539.18</subfield></datafield><datafield ind1=" " ind2=" " tag="CAT"><subfield code="a">Sys</subfield><subfield code="c">20120702</subfield><subfield code="h">165809</subfield></datafield></record></collection>